%% This BibTeX bibliography file was created using BibDesk.
%% https://bibdesk.sourceforge.io/

%% Created for Ricardo at 2022-09-11 22:13:21 -0500 


%% Saved with string encoding Unicode (UTF-8) 



@misc{hewlett2022,
	author = {{\acs{CIEP}}},
	date-added = {2020-08-26 02:06:23 -0500},
	date-modified = {2020-08-26 02:06:23 -0500},
	howpublished = {Disponible en \url{https://finanzaslocales.ciep.mx/}},
	title = {{Finanzas públicas locales: hacia una nueva coordinación fiscal}},
	year = {2022}}

@misc{bbva2022,
	author = {{\acs{BBVA}}},
	date-added = {2020-08-26 02:06:23 -0500},
	date-modified = {2020-08-26 02:06:23 -0500},
	howpublished = {Disponible en \url{https://www.bbvaresearch.com/publicaciones/mexico-excedente-petrolero-no-compensara-perdida-por-ieps-de-combustibles-en-2022/}},
	title = {{México | Excedente petrolero no compensará pérdida por IEPS de combustibles en 2022}},
	year = {2022}}

@misc{mezcla,
	author = {{\acs{Banxico}}},
	date-added = {2020-08-26 02:06:23 -0500},
	date-modified = {2020-08-26 02:06:23 -0500},
	howpublished = {Disponible en \url{https://www.banxico.org.mx/apps/gc/precios-spot-del-petroleo-gra.html}},
	title = {{Precio de la Mezcla Mexicana de Petróleo}},
	year = {2022}}

@misc{2030,
	author = {{\acs{SHCP}}},
	date-added = {2020-08-26 02:06:23 -0500},
	date-modified = {2020-08-26 02:06:23 -0500},
	howpublished = {Disponible en \url{https://www.gob.mx/agenda2030#2302}},
	title = {{Agenda 2030 México}},
	year = {2020}}

@misc{CONAC2014,
	author = {\acs{CONAC}},
	date-added = {2020-08-26 02:06:23 -0500},
	date-modified = {2020-08-26 02:06:23 -0500},
	howpublished = {Disponible en \url{https://www.conac.gob.mx/work/models/CONAC/normatividad/NOR_01_02_006.pdf}},
	title = {Clasificador por objeto de gasto.},
	year = {2014}}

@misc{tipo2010,
	author = {\acs{CONAC}},
	date-added = {2020-08-26 02:06:23 -0500},
	date-modified = {2020-08-26 02:06:23 -0500},
	howpublished = {Disponible en \url{https://www.conac.gob.mx/work/models/CONAC/normatividad/NOR_01_02_005.pdf}},
	title = {Clasificador por tipo de gasto.},
	year = {2010}}

@misc{CONAC2010,
	author = {\acs{CONAC}},
	date-added = {2020-08-26 02:06:23 -0500},
	date-modified = {2020-08-26 02:06:23 -0500},
	howpublished = {Disponible en \url{https://www.conac.gob.mx/work/models/CONAC/normatividad/NOR_01_02_003.pdf}},
	title = {Clasificador funcional del gasto.},
	year = {2010}}

@misc{gaspar,
	author = {{\acs{CEPAL}}},
	date-added = {2020-08-26 02:06:23 -0500},
	date-modified = {2020-08-26 02:06:23 -0500},
	howpublished = {Disponible en \url{https://repositorio.cepal.org/bitstream/handle/11362/48077/4/S2200607_es.pdf}},
	title = {Dinámica y desafíos de la inversión para impulsar una recuperación sostenible e inclusiva},
	year = {2022}}

@misc{14puntos,
	author = {{\acs{CIEP}}},
	date-added = {2020-08-26 02:06:23 -0500},
	date-modified = {2020-08-26 02:06:23 -0500},
	howpublished = {Disponible en \url{https://twitter.com/ciepmx/status/1568248916407209986}},
	title = {{14 Puntos Clave del Paquete Económico 2023}},
	year = {2022}}

@misc{gloomy,
	author = {{\acs{FMI}}},
	date-added = {2020-08-26 02:06:23 -0500},
	date-modified = {2020-08-26 02:06:23 -0500},
	howpublished = {Disponible en \url{https://www.imf.org/en/Publications/WEO/Issues/2022/07/26/world-economic-outlook-update-july-2022}},
	title = {World Economic Outlook update July 2022: Gloomy and more uncertain},
	year = {2022}}

@misc{CP_2021,
	author = {{\acs{SHCP}}},
	date-added = {2020-08-26 02:06:23 -0500},
	date-modified = {2020-08-26 02:06:23 -0500},
	howpublished = {Disponible en \url{https://www.transparenciapresupuestaria.gob.mx/es/PTP/Datos_Abiertos}},
	title = {{\acs{CP} 2021.}},
	year = {2022}}

@misc{PEF_2022,
	author = {{\acs{SHCP}}},
	date-added = {2020-08-26 02:06:23 -0500},
	date-modified = {2020-08-26 02:06:23 -0500},
	howpublished = {Disponible en \url{https://www.transparenciapresupuestaria.gob.mx/es/PTP/Datos_Abiertos}},
	title = {{\acf{PEF} 2022.}},
	year = {2021}}

@misc{ATNNA_2023,
	author = {{\acs{SHCP}}},
	date-added = {2020-08-26 02:06:23 -0500},
	date-modified = {2020-08-26 02:06:23 -0500},
	howpublished = {Disponible en \url{https://www.transparenciapresupuestaria.gob.mx/es/PTP/Datos_Abiertos}},
	title = {{Anexo Transversal de recursos para niños, niñas y adolescentes \acs{PPEF} 2023.}},
	year = {2022}}

@misc{ATNNA_2022,
	author = {{\acs{SHCP}}},
	date-added = {2020-08-26 02:06:23 -0500},
	date-modified = {2020-08-26 02:06:23 -0500},
	howpublished = {Disponible en \url{https://www.transparenciapresupuestaria.gob.mx/es/PTP/Datos_Abiertos}},
	title = {{Anexo Transversal de recursos para niños, niñas y adolescentes \acs{PEF} 2022.}},
	year = {2021}}

@misc{ATNNA_2021,
	author = {{\acs{SHCP}}},
	date-added = {2020-08-26 02:06:23 -0500},
	date-modified = {2020-08-26 02:06:23 -0500},
	howpublished = {Disponible en \url{https://www.transparenciapresupuestaria.gob.mx/es/PTP/Datos_Abiertos}},
	title = {{Anexo Transversal de recursos para niños, niñas y adolescentes \acs{CP} 2021.}},
	year = {2021}}

@misc{senado,
	author = {{Senado de la República}},
	note = {Disponible en \url{http://comunicacion.senado.gob.mx/index.php/informacion/boletines/50632-senadores-perfilan-reforma-para-establecer-sistema-nacional-de-cuidados-en-breve-anuncia-marti-batres.html}.},
	title = {{Senadores perfilan reforma para establecer Sistema Nacional de Cuidados}},
	year = {2021}}

@misc{vincODS,
	author = {{\acs{SHCP}}},
	note = {Disponible en \url{https://www.transparenciapresupuestaria.gob.mx/es/PTP/Datos_Abiertos}.},
	title = {{Base de datos vinculación \acs{ODS}}},
	year = {2022}}

@misc{ExpoMotivos2023,
	author = {{\acs{SHCP}}},
	howpublished = {Disponible en \url{https://www.ppef.hacienda.gob.mx/work/models/8uLX2rB7/PPEF2023/mo2h2PK/docs/exposicion/}},
	title = {{Exposición de Motivos 2023}},
	year = {2022}}

@misc{ley,
	author = {{Congreso de la Unión}},
	date-added = {2020-08-26 02:06:23 -0500},
	date-modified = {2020-08-26 02:06:23 -0500},
	howpublished = {Disponible en \url{https://www.diputados.gob.mx/LeyesBiblio/pdf/LFPRH.pdf}},
	title = {{Ley Federal de Presupuesto y Responsabilidad Hacendaria}},
	year = {2022}}

@misc{Interurbano,
	author = {\acs{SHCP}},
	date-modified = {2022-09-11 22:13:21 -0500},
	howpublished = {Disponible en\: \url{https://www.transparenciapresupuestaria.gob.mx/es/PTP/ficha_opa\#13093110008}.},
	title = {{Tren Interurbano México-Toluca}},
	year = {2022}}

@misc{renuncia21,
	author = {{\acs{SHCP}}},
	note = {Disponible en\: \url{https://www.gob.mx/cms/uploads/attachment/file/649263/DRR_2021.pdf}.},
	title = {{Renuncias Recaudatorias}},
	year = {2021}}

@misc{agenda2030,
	author = {{\acs{SHCP}}},
	note = {Disponible en\: \url{https://www.gob.mx/cms/uploads/attachment/file/649263/DRR_2021.pdf}.},
	title = {{Renuncias Recaudatorias}},
	year = {2021}}

@misc{defcuidado,
	author = {{OXFAM México, Red de Cuidados}},
	note = {Disponible en \url{https://oxfammexico.org/wp-content/uploads/2022/06/DICCIONARIO-DE-CUIDADOS_OXFAM_20junio.pdff}.},
	title = {{Diccionario de los cuidados: Un Enfoque Universal e Incluyente}},
	year = {2021}}

@misc{covidm,
	author = {{INEGI}},
	note = {Disponible en \url{https://www.inegi.org.mx/tablerosestadisticos/mujeres/}.},
	title = {{La COVID-19 y su impacto en las mujeres en México}},
	year = {2021}}

@misc{lisr,
	author = {{Congreso de la Unión}},
	howpublished = {Disponible en \url{http://www.diputados.gob.mx/LeyesBiblio/pdf/LISR_081220.pdf}.},
	title = {{Ley del Impuesto Sobre la Renta}},
	year = {2020}}

@article{heckman2000real,
	author = {Heckman, James},
	journal = {The best},
	title = {The real question is how to use the available funds wisely},
	year = {2000}}

@article{Villa,
	abstract = {The implementation of public policy depends on the availability of public resources. Governments, therefore, face the challenge of finding the funds necessary to execute national development plans. The present article contributes to the debate on fiscal space and proposes a methodology for its measurement. Based on the definition of fiscal space in terms of available budget, this article examines the Mexican case and discusses the existing options for its expansion at the federal level.},
	author = {Héctor Juan Villarreal and Sunny A. Villa},
	doi = {10.22201/IIEC.20078951E.2021.ESPECIAL.69803},
	issn = {20078951},
	journal = {Problemas del Desarrollo},
	keywords = {Financial sustainability,Fiscal policy,Fiscal space,Government financing,Non-committed financial resources,Public budget},
	month = {3},
	pages = {31-56},
	publisher = {Universidad Nacional Autonoma de Mexico},
	title = {Measuring fiscal space in Mexico},
	volume = {52},
	year = {2021},
	bdsk-url-1 = {https://doi.org/10.22201/IIEC.20078951E.2021.ESPECIAL.69803}}

@incollection{lallement2013,
	author = {Lallement, Dominique},
	booktitle = {Handbook of Research on Gender and Economic Life},
	publisher = {Edward Elgar Publishing},
	title = {Infrastructure and gender equity},
	year = {2013}}

@misc{Sanchez,
	author = {{Sánchez, Luisa María}},
	date-added = {2021-09-11 00:51:33 -0500},
	date-modified = {2021-09-11 00:56:30 -0500},
	howpublished = {Disponible en \url{https://www.mucd.org.mx/wp-content/uploads/2020/11/SANCHEZ-PANDEMIA.pdf}},
	lastchecked = {Consultada por última vez en enero de 2020},
	title = {MILITARIZACIÓÉXICO DEL 2020},
	year = {2020}}

@misc{ENDUTIH2019,
	author = {{\acs{INEGI}}},
	date-added = {2021-09-11 00:48:31 -0500},
	date-modified = {2021-09-11 00:48:31 -0500},
	note = {Disponible en \url{https://www.inegi.org.mx/programas/dutih/2019/default.html}.},
	title = {{La Encuesta Nacional sobre Disponibilidad y Uso de Tecnologías de la Información en los Hogares}},
	year = {2019}}

@misc{ASF_2019,
	author = {{\acs{ASF}}},
	date-added = {2021-09-11 00:36:35 -0500},
	date-modified = {2021-09-11 00:36:35 -0500},
	howpublished = {Disponible en \url{https://www.asf.gob.mx/Trans/Informes/IR2017c/Documentos/Auditorias/2017_MR-PARTICIPACIONES_a.pdf}},
	lastchecked = {Consultada por última vez en mayo de 2021},
	title = {Participaciones federales},
	year = {2019}}

@misc{ASFParts2019,
	author = {{\acs{ASF}}},
	date-added = {2021-09-11 00:36:35 -0500},
	date-modified = {2021-09-11 00:36:35 -0500},
	lastchecked = {Consultada por última vez en mayo de 2021},
	title = {Participaciones federales a entidades federativas. Cuenta Pública 2019},
	year = {2019}}

@misc{ASFFassa2019,
	author = {{\acs{ASF}}},
	date-added = {2021-09-11 00:36:35 -0500},
	date-modified = {2021-09-11 00:36:35 -0500},
	lastchecked = {Consultada por última vez en mayo de 2021},
	title = {Participaciones federales a entidades federativas. Cuenta Pública 2019},
	year = {2019}}

@misc{cuenta_2020,
	author = {{\acs{SHCP}}},
	date-added = {2021-09-11 00:32:58 -0500},
	date-modified = {2021-09-11 00:32:58 -0500},
	howpublished = {Disponible en \url{https://www.cuentapublica.hacienda.gob.mx/es/CP/2020}},
	lastchecked = {10 de septiembre de 2020},
	title = {Cuenta Pública 2020},
	year = {2021}}

@misc{cuenta_2021,
	author = {{\acs{SHCP}}},
	date-modified = {2020-06-01 13:02:41 -0500},
	howpublished = {Disponible en \url{https://www.cuentapublica.hacienda.gob.mx/es/CP/2021}},
	title = {Cuenta Pública 2021},
	year = {2022}}

@misc{mipymes_ciep,
	author = {{\acs{CIEP}}},
	note = {Disponible en \url{https://ciep.mx/bN5Z}.},
	publisher = {\acs{CIEP}},
	title = {El pago de impuestos en las MiPyMEs mexicanas: Determinantes de la evasión},
	year = {2020}}

@misc{genero_ciep,
	author = {{\acs{CIEP}}},
	note = {Disponible en \url{https://ciep.mx/Qoub}.},
	publisher = {\acs{CIEP}},
	title = {Desigualdad de genero e ingreso en deducciones personales},
	year = {2021}}

@book{beyond,
	author = {Rozenberg, Julie and Fay, Marianne},
	publisher = {Banco Mundial},
	title = {Beyond the gap: How countries can afford the infrastructure they need while protecting the planet},
	year = {2019}}

@misc{Pemex,
	author = {{Petróleos Mexicanos}},
	howpublished = {Disponible en \url{https://www.pemex.com/acerca/plan-de-negocios/Documents/pn_2019-2023_total.pdf}},
	title = {Plan de Negocios de Pemex y sus Empresas Subsidiarias 2019-2023},
	year = {2019}}

@misc{SENER,
	author = {{Secretaría de Energía}},
	howpublished = {Disponible en \url{https://www.dof.gob.mx/nota_detalle.php?codigo=5596374&fecha=08/07/2020}},
	title = {Plan Sectorial de Energía 2020-2024},
	year = {2020}}

@misc{PPEF2022,
	author = {{\acs{SHCP}}},
	date-added = {2020-09-07 02:04:48 -0500},
	date-modified = {2020-09-07 02:58:32 -0500},
	howpublished = {Disponible en \url{https://www.finanzaspublicas.hacienda.gob.mx/es/Finanzas_Publicas/Paquete_Economico_y_Presupuesto}},
	title = {{\acf{PPEF} 2022}},
	year = {2021}}

@misc{miscelanea2022,
	author = {{\acs{SHCP}}},
	date-added = {2020-09-07 02:04:48 -0500},
	date-modified = {2020-09-07 02:58:32 -0500},
	howpublished = {Disponible en \url{https://www.finanzaspublicas.hacienda.gob.mx/es/Finanzas_Publicas/Paquete_Economico_y_Presupuesto}},
	title = {Miscelanea fiscal 2022},
	year = {2021}}

@misc{PEF2022,
	author = {{\acs{SHCP}}},
	date-added = {2020-09-07 02:04:48 -0500},
	date-modified = {2020-09-07 02:58:32 -0500},
	howpublished = {Disponible en \url{https://www.pef.hacienda.gob.mx/}},
	title = {{\acf{PPEF} 2022}},
	year = {2021}}

@misc{PEF2021,
	author = {{\acs{SHCP}}},
	date-added = {2020-09-07 02:04:48 -0500},
	date-modified = {2020-09-07 02:58:32 -0500},
	howpublished = {Disponible en \url{https://www.finanzaspublicas.hacienda.gob.mx/es/Finanzas_Publicas/Paquete_Economico_y_Presupuesto}},
	title = {{\acf{PPEF} 2021}},
	year = {2020}}

@misc{OCDEtax,
	author = {{\acs{OCDE}}},
	date-added = {2020-09-07 02:04:48 -0500},
	date-modified = {2020-09-07 02:58:32 -0500},
	howpublished = {Disponible en \url{https://stats.oecd.org/viewhtml.aspx?datasetcode=REV&lang=en}},
	title = {{Revenue Statistics - OECD countries}},
	year = {2020}}

@misc{CGPE2021,
	author = {{\acs{SHCP}}},
	date-added = {2020-09-07 02:04:32 -0500},
	date-modified = {2020-09-07 02:05:05 -0500},
	howpublished = {Disponible en \url{https://www.finanzaspublicas.hacienda.gob.mx/es/Finanzas_Publicas/Paquete_Economico_y_Presupuesto}},
	title = {{Criterios Generales de Política Económica 2021}},
	year = {2020}}

@misc{CGPE2022,
	author = {{\acs{SHCP}}},
	date-added = {2020-09-07 02:04:32 -0500},
	date-modified = {2020-09-07 02:05:05 -0500},
	howpublished = {Disponible en \url{https://www.finanzaspublicas.hacienda.gob.mx/es/Finanzas_Publicas/Paquete_Economico_y_Presupuesto}},
	title = {{Criterios Generales de Política Económica 2022}},
	year = {2021}}

@misc{CGPE2023,
	author = {{\acs{SHCP}}},
	date-added = {2020-09-07 02:04:32 -0500},
	date-modified = {2020-09-07 02:05:05 -0500},
	howpublished = {Disponible en \url{https://www.finanzaspublicas.hacienda.gob.mx/work/models/Finanzas_Publicas/docs/paquete_economico/cgpe/cgpe_2023.PDF}},
	title = {{Criterios Generales de Política Económica 2023}},
	year = {2022}}

@misc{ILIF2022,
	author = {{\acs{SHCP}}},
	date-added = {2020-09-07 02:02:37 -0500},
	date-modified = {2020-09-07 02:58:19 -0500},
	howpublished = {Disponible en \url{https://www.finanzaspublicas.hacienda.gob.mx/es/Finanzas_Publicas/Paquete_Economico_y_Presupuesto}},
	title = {{\acf{ILIF} 2022}},
	year = {2021}}

@misc{ILIF2023,
	author = {{\acs{SHCP}}},
	date-added = {2020-09-07 02:02:37 -0500},
	date-modified = {2020-09-07 02:58:19 -0500},
	howpublished = {Disponible en \url{https://www.finanzaspublicas.hacienda.gob.mx/work/models/Finanzas_Publicas/docs/paquete_economico/ilif/ilif_2023.pdf}},
	title = {{\acf{ILIF} 2023}},
	year = {2022}}

@misc{LIF2021,
	author = {{\acs{SHCP}}},
	date-added = {2020-09-07 02:02:37 -0500},
	date-modified = {2020-09-07 02:58:19 -0500},
	howpublished = {Disponible en \url{https://www.finanzaspublicas.hacienda.gob.mx/es/Finanzas_Publicas/Paquete_Economico_y_Presupuesto}},
	title = {{\acf{LIF} 2020}},
	year = {2020}}

@misc{LIF2020,
	author = {{\acs{SHCP}}},
	date-added = {2020-09-07 02:02:37 -0500},
	date-modified = {2020-09-07 02:58:19 -0500},
	howpublished = {Disponible en \url{https://www.finanzaspublicas.hacienda.gob.mx/es/Finanzas_Publicas/Paquete_Economico_y_Presupuesto}},
	title = {{\acf{LIF} 2020}},
	year = {2029}}

@misc{ENIGH2018,
	author = {{\acs{INEGI}}},
	date-added = {2020-05-18 17:41:13 -0500},
	date-modified = {2020-05-20 16:07:05 -0500},
	howpublished = {Disponible en \url{https://www.inegi.org.mx/programas/enigh/nc/2018/}},
	title = {{\acf{ENIGH} 2018.}},
	year = {2019}}

@misc{ENIGH2020,
	author = {{\acs{INEGI}}},
	howpublished = {Disponible en \url{https://www.inegi.org.mx/programas/enigh/nc/2020/}},
	title = {{\acf{ENIGH} 2020.}},
	year = {2021}}

@misc{INEGISCN,
	author = {{\acs{INEGI}}},
	howpublished = {Disponible en \url{https://www.inegi.org.mx/contenidos/programas/pibact/2013/metodologias/METODOLOGIA_CBYSB2013.pdf}},
	title = {{Sistema de Cuentas Nacionales de México: Fuentes y metodologías. Año base 2013.}},
	year = {2013},
	bdsk-file-1 = {YnBsaXN0MDDSAQIDBFxyZWxhdGl2ZVBhdGhZYWxpYXNEYXRhXxA0Li4vLi4vLi4vVGVtcGxhdGVDSUVQL2JpYmxpb2dyYWZpYUNJRVAvU0NOIElORUdJLnBkZk8RAXwAAAAAAXwAAgAABT8/PyMyAAAAAAAAAAAAAAAAAAAAAAAAAAAAAAAAAABCRAAB/////w1TQ04gSU5FR0kucGRmAAAAAAAAAAAAAAAAAAAAAAAAAAAAAAAAAAAAAAAAAAAAAAAAAAAAAAAAAAAAAAAAAAD/////AAAAAAAAAAAAAAAAAAMAAwAACiBjdQAAAAAAAAAAAAAAAAAQYmlibGlvZ3JhZmlhQ0lFUAACAEovOlVzZXJzOnJpY2FyZG86RHJvcGJveCAoQ0lFUCk6VGVtcGxhdGVDSUVQOmJpYmxpb2dyYWZpYUNJRVA6U0NOIElORUdJLnBkZgAOABwADQBTAEMATgAgAEkATgBFAEcASQAuAHAAZABmAA8ABAABA7EAEgBIVXNlcnMvcmljYXJkby9Ecm9wYm94IChDSUVQKS9UZW1wbGF0ZUNJRVAvYmlibGlvZ3JhZmlhQ0lFUC9TQ04gSU5FR0kucGRmABMAAS8AABUAAgAO//8AAAAIAA0AGgAkAFsAAAAAAAACAQAAAAAAAAAFAAAAAAAAAAAAAAAAAAAB2w==}}

@misc{BIE,
	author = {{\acs{INEGI}}},
	date-added = {2020-01-09 01:29:57 -0600},
	date-modified = {2020-09-07 02:57:28 -0500},
	howpublished = {Disponible en \url{https://www.inegi.org.mx/sistemas/bie/}},
	title = {{\acf{BIE}}},
	year = {2020}}

@misc{CONAPO,
	author = {{\acs{CONAPO}}},
	date-added = {2019-09-18 12:25:43 -0500},
	date-modified = {2019-09-18 12:25:43 -0500},
	note = {Disponible en \url{http://www.conapo.gob.mx/work/models/CONAPO/Datos_Abiertos/Proyecciones2018/pob_ini_proyecciones.csv}.},
	title = {{Proyecciones de la Población de México y de las Entidades Federativas, 2016-2050}},
	year = {2018}}

@misc{coneval,
	author = {{\acs{CONEVAL}}},
	note = {Disponible en \url{https://www.coneval.org.mx/Evaluacion/IEPSM/Paginas/Consideraciones2023.aspx}.},
	title = {{Consideraciones para el proceso presupuestario 2023}},
	year = {2022}}

@misc{decreto,
	author = {{\acs{DOF}}},
	note = {Disponible en \url{https://www.coneval.org.mx/Evaluacion/IEPSM/Documents/CPP_2021/CPP2021.pdf}.},
	title = {{Decreto por el que se establecen las medidas de austeridad que deberán observar las dependencias y entidades de la Administración Pública Federal bajo los criterios que en el mismo se indican.}},
	year = {2020}}

@misc{cuenta_2010,
	author = {{\acs{SHCP}}},
	date-modified = {2020-06-01 13:03:04 -0500},
	howpublished = {Disponible en \url{http://www.apartados.hacienda.gob.mx/contabilidad/documentos/informe_cuenta/2010/index.html}},
	lastchecked = {16 de diciembre de 2018},
	title = {Cuenta Pública 2010},
	year = {2011}}

@misc{cuenta_2011,
	author = {{\acs{SHCP}}},
	date-modified = {2020-06-01 13:03:01 -0500},
	howpublished = {Disponible en \url{http://www.apartados.hacienda.gob.mx/contabilidad/documentos/informe_cuenta/2011/index.html}},
	lastchecked = {16 de diciembre de 2018},
	title = {Cuenta Pública 2011},
	year = {2012}}

@misc{cuenta_2012,
	author = {{\acs{SHCP}}},
	date-modified = {2020-06-01 13:02:59 -0500},
	howpublished = {Disponible en \url{http://www.apartados.hacienda.gob.mx/contabilidad/documentos/informe_cuenta/2012/index.html}},
	lastchecked = {16 de diciembre de 2018},
	title = {Cuenta Pública 2012},
	year = {2013}}

@misc{cuenta_2013,
	author = {{\acs{SHCP}}},
	date-modified = {2020-06-01 13:02:56 -0500},
	howpublished = {Disponible en \url{http://www.apartados.hacienda.gob.mx/contabilidad/documentos/informe_cuenta/2013/index.html}},
	lastchecked = {16 de diciembre de 2018},
	title = {Cuenta Pública 2013},
	year = {2014}}

@misc{cuenta_2014,
	author = {{\acs{SHCP}}},
	date-modified = {2020-06-01 13:02:54 -0500},
	howpublished = {Disponible en \url{https://www.cuentapublica.hacienda.gob.mx/es/CP/2014}},
	lastchecked = {10 de septiembre de 2019},
	title = {Cuenta Pública 2014},
	year = {2015}}

@misc{cuenta_2015,
	author = {{\acs{SHCP}}},
	date-modified = {2020-06-01 13:02:51 -0500},
	howpublished = {Disponible en \url{https://www.cuentapublica.hacienda.gob.mx/es/CP/2015}},
	lastchecked = {10 de septiembre de 2019},
	title = {Cuenta Pública 2015},
	year = {2016}}

@misc{cuenta_2016,
	author = {{\acs{SHCP}}},
	date-modified = {2020-06-01 13:02:49 -0500},
	howpublished = {Disponible en \url{https://www.cuentapublica.hacienda.gob.mx/es/CP/2016}},
	lastchecked = {16 de diciembre de 2018},
	title = {Cuenta Pública 2016},
	year = {2017}}

@misc{cuenta_2017,
	author = {{\acs{SHCP}}},
	date-modified = {2020-06-01 13:02:46 -0500},
	howpublished = {Disponible en \url{https://www.cuentapublica.hacienda.gob.mx/es/CP/2017}},
	lastchecked = {16 de diciembre de 2018},
	title = {Cuenta Pública 2017},
	year = {2018}}

@misc{cuenta_2018,
	author = {{\acs{SHCP}}},
	date-modified = {2020-06-01 13:02:44 -0500},
	howpublished = {Disponible en \url{https://www.cuentapublica.hacienda.gob.mx/es/CP/2018}},
	lastchecked = {10 de septiembre de 2019},
	title = {Cuenta Pública 2018},
	year = {2019}}

@misc{cuenta_2019,
	author = {{\acs{SHCP}}},
	date-modified = {2020-06-01 13:02:41 -0500},
	howpublished = {Disponible en \url{https://www.cuentapublica.hacienda.gob.mx/es/CP/2019}},
	lastchecked = {11 de mayo de 2020},
	title = {Cuenta Pública 2019},
	year = {2020}}

@misc{PUB_1,
	author = {{Bienestar}},
	date-modified = {2021-09-11 00:34:06 -0500},
	howpublished = {Disponible en \url{https://pub.bienestar.gob.mx/v2/pub/programasIntegrales/13/547}},
	title = {Padrón Único de Beneficiarios de la Pensión para el Bienestar de las Personas Adultas Mayores},
	year = {2021}}

@misc{PEF2020,
	author = {{\acs{SHCP}}},
	date-modified = {2020-06-01 13:02:33 -0500},
	howpublished = {Disponible en \url{https://www.transparenciapresupuestaria.gob.mx/es/PTP/Datos_Abiertos}},
	lastchecked = {Accesado el día 30 de enero de 2020},
	title = {{\acf{PEF} 2020}},
	year = {2019}}

@misc{trimestral2,
	author = {{\acs{SHCP}}},
	date-modified = {2020-06-01 13:02:33 -0500},
	howpublished = {Disponible en \url{https://www.finanzaspublicas.hacienda.gob.mx/work/models/Finanzas_Publicas/docs/congreso/infotrim/2020/iit/04afp/itanfpdc_202002.pdf}},
	lastchecked = {Accesado el día 30 de enero de 2020},
	title = {{ Informes sobre la Situación Económica, las Finanzas Públicas y la Deuda Pública, 2T}},
	year = {2020}}

@misc{sdg,
	author = {{\acs{ONU}}},
	title = {{Transformar nuestro mundo: la Agenda 2030 para el Desarrollo Sostenible}},
	year = {2015}}

@misc{ENVIPE_20,
	author = {{\acs{INEGI}}},
	date-modified = {2021-09-11 00:49:53 -0500},
	note = {Disponible en \url{https://www.inegi.org.mx/programas/envipe/2020/}.},
	title = {{Encuesta Nacional de Victimización y Percepción sobre Seguridad Pública}},
	year = {2020}}

@misc{ocde2019genero,
	author = {{\acs{OCDE}}},
	note = {Disponible en \url{http://www.oecd.org/internet/bridging-the-digital-gender-divide.pdf}.},
	title = {Bridging the digital gender divide},
	year = {2018}}

@misc{bancomundial_dfn,
	author = {{\acs{BM}}},
	date-modified = {2020-09-07 15:21:33 -0500},
	howpublished = {June 1994, 13-36},
	lastchecked = {Consultada por última vez en marzo de 2020},
	title = {World Development Report 1994.},
	year = {1994}}

@misc{SdgEstados,
	author = {{United Nations}},
	howpublished = {Disponible en \url{https://www.un.org/sustainabledevelopment/sustainable-development-goals/}},
	lastchecked = {Consultada por última vez en septiembre de 2020},
	title = {Sustainable development goals},
	year = {2020}}

@misc{ProgramaticaAportaciones2021,
	author = {{\acs{SHCP}}},
	date-modified = {2020-05-01 13:33:35 -0500},
	howpublished = {Disponible en \url{https://www.ppef.hacienda.gob.mx/work/models/PPEF2021/docs/33/r33_ep.pdf}},
	lastchecked = {Consultada por última vez en septiembre de 2020},
	title = {PPEF2021. Estrategia programática},
	year = {2020}}

@misc{EstadisticasOportunas,
	author = {{\acs{SHCP}}},
	date-modified = {2020-05-01 13:33:35 -0500},
	howpublished = {Disponible en \url{http://www.shcp.gob.mx/POLITICAFINANCIERA/FINANZASPUBLICAS/Estadisticas_Oportunas_Finanzas_Publicas/Paginas/unica2.aspx}},
	lastchecked = {Consultada por última vez en septiembre de 2020},
	title = {Estadísticas Oportunas de Finanzas Públicas},
	year = {2020}}

@misc{TransparenciaPresupuestaria,
	author = {{\acs{SHCP}}},
	date-modified = {2020-05-01 13:33:35 -0500},
	howpublished = {Disponible en \url{https://www.transparenciapresupuestaria.gob.mx/es/PTP/EntidadesFederativas}},
	lastchecked = {Consultada por última vez en septiembre de 2020},
	title = {Transparencia presupuestaria. Entidades Federativas},
	year = {2020}}

@misc{EstadosConapo,
	author = {{\acs{CONAPO}}},
	date-modified = {2020-05-01 13:33:35 -0500},
	howpublished = {Disponible en \url{https://datos.gob.mx/busca/dataset/proyecciones-de-la-poblacion-de-mexico-y-de-las-entidades-federativas-2016-2050}},
	lastchecked = {Consultada por última vez en septiembre de 2020},
	title = {Proyecciones de la Población de México y de las Entidades Federativas, 2016-2050},
	year = {2020}}

@misc{SESNSP,
	author = {{\acs{SESNSP}}},
	date-modified = {2020-07-01 13:33:35 -0500},
	howpublished = {Disponible en \url{https://www.gob.mx/sesnsp/articulos/informacion-sobre-violencia-contra-las-mujeres-incidencia-delictiva-y-llamadas-de-emergencia-9-1-1-febrero-2019}},
	lastchecked = {Consultada por última vez en septiembre de 2020},
	title = {Información sobre violencia contra las mujeres},
	year = {2020}}

@misc{oms18,
	author = {{\acs{OMS}; \acs{OPS}}},
	note = {Disponible en \url{https://iris.paho.org/bitstream/handle/10665.2/34947/9789275320006_spa.pdf?sequence=1&isAllowed=y}.},
	title = {Espacio Fiscal para salud en América Latina y el Caribe},
	year = {2018}}

@misc{fmi20,
	author = {{\acs{FMI}}},
	note = {Disponible en \url{https://www.imf.org/external/pubs/ft/fandd/2020/09/overhauling-health-systems-fernandes.htm?utm_medium=email&utm_source=govdelivery}.},
	title = {Overhauling Health Systems},
	year = {2020}}

@misc{muertes_covid,
	author = {{Amnistía Internacional}},
	howpublished = {Disponible en \url{https://www.amnesty.org/es/latest/news/2020/07/health-workers-rights-covid-report/}},
	lastchecked = {Consultada por última vez en septiembre de 2020},
	title = {Glabal: El personal sanitario, silenciado, expuesto y atacado},
	year = {2020}}

@misc{base_covid,
	author = {{\ac{SSa}}},
	note = {\url{https://www.gob.mx/salud/documentos/datos-abiertos-152127}},
	title = {Datos Abiertos - Dirección General de Epidemiología},
	year = {2020}}

@misc{base_conapo,
	author = {{\ac{CONAPO}}},
	note = {\url{https://datos.gob.mx/busca/dataset/proyecciones-de-la-poblacion-de-mexico-y-de-las-entidades-federativas-2016-2050}},
	title = {Proyecciones de la Población de México y de las Entidades Federativas, 2016-2050},
	year = {2018}}

@misc{ciep_infra,
	author = {{\acs{CIEP}}},
	howpublished = {Disponible en \url{https://ciep.mx/wp-content/uploads/2020/06/Gasto-en-Infraestructura-CIEP-Jun_22_2020-v2.pdf}},
	lastchecked = {Accesado el día 10 de septiembre de 2020},
	title = {Infraestructura en México: Prioridades y Deficiencias del gasto Público},
	year = {2020}}

@misc{consideraciones_insabi,
	author = {{\acs{CIEP}}},
	howpublished = {Disponible en \url{https://ciep.mx/consideraciones-de-impacto-presupuestario-ante-la-iniciativa-de-creacion-del-insabi/}},
	lastchecked = {Accesado el d{'\i}a 10 de septiembre de 2020},
	title = {Consideraciones de impacto presupuestario ante la Iniciativa de creación del INSABI},
	year = {2020}}

@misc{hilo_salud_ciep,
	author = {{\acs{CIEP}}},
	howpublished = {Disponible en \url{https://twitter.com/ciepmx/status/1435991313091022855}},
	lastchecked = {Accesado el d{'\i}a 10 de septiembre de 2021},
	title = {Presupuesto para salud 2022},
	year = {2021}}

@misc{hr_bienestar,
	author = {{Presidencia de la República}},
	howpublished = {Disponible en \url{https://www.gob.mx/presidencia/prensa/imss-bienestar-pasara-de-80-a-200-hospitales-rurales-anuncia-presidente-en-san-quintin?idiom=es}},
	lastchecked = {Accesado el d{'\i}a 10 de septiembre de 2021},
	title = {IMSS-Bienestar pasará de 80 a 200 hospitales rurales, anuncia presidente en San Quintín},
	year = {2022}}

@misc{ciep_sus,
	author = {{\acs{CIEP}}},
	note = {Disponible en \url{https://ciep.mx/hvmq}.},
	title = {{Sistema Universal de Salud: retos de cobertura y financiamiento}},
	year = {2018}}

@misc{ocdefor,
	author = {{\acs{OCDE}}},
	note = {Disponible en \url{https://data.oecd.org/gdp/real-gdp-forecast.htm}.},
	title = {Real GDP forecast},
	year = {2020}}

@misc{tri_banxico,
	author = {{Banxico}},
	note = {Disponible en \url{https://www.banxico.org.mx/publicaciones-y-prensa/informes-trimestrales/informes-trimestrales-precios.html}.},
	title = {Informe trimestral, abril-junio},
	year = {2020}}

@misc{bm2020,
	author = {{\acs{BM}}},
	note = {Disponible en \url{http://pubdocs.worldbank.org/en/876791588788341170/Global-Economic-Prospects-June-2020-Regional-Overview-LAC.pdf}.},
	title = {Global Economic Prospects, June},
	year = {2020}}

@misc{weo2021,
	author = {{\acs{FMI}}},
	note = {Disponible en \url{https://www.imf.org/en/Publications/WEO/Issues/2020/06/24/WEOUpdateJune2020}.},
	title = {World Economic Outlook},
	year = {2020}}

@misc{ingresosciep,
	author = {{\acs{CIEP}}},
	date-added = {2020-08-26 02:06:23 -0500},
	date-modified = {2020-08-26 02:06:23 -0500},
	howpublished = {Disponible en \url{https://ingresosenmexico.ciep.mx}},
	title = {{Ingresos Públicos en México: Hacia un Nuevo Sistema Fiscal}},
	year = {2021}}

@misc{SEP18,
	author = {{\acs{SEP}}},
	date-modified = {2020-06-01 13:03:27 -0500},
	howpublished = {Disponible en \url{https://www.planeacion.sep.gob.mx/principalescifras/}},
	lastchecked = {Accesado el día 11 de febrero de 2020},
	title = {{Sistema Interactivo de Consulta de Estadística Educativa}},
	year = {2020}}

@misc{SEP19,
	author = {{\acs{SEP}}},
	date-modified = {2020-06-01 13:03:24 -0500},
	howpublished = {Disponible en \url{https://www.planeacion.sep.gob.mx/Doc/estadistica_e_indicadores/principales_cifras/principales_cifras_2018_2019_bolsillo.pdf}},
	lastchecked = {Accesado el día 30 de enero de 2020},
	title = {{Principales cifras del sistema educativo nacional 2018-2019}},
	year = {2019}}

@misc{SEP20,
	author = {{\acs{SEP}}},
	date-modified = {2021-06-01 13:03:24 -0500},
	howpublished = {Disponible en \url{https://https://www.planeacion.sep.gob.mx/Doc/estadistica_e_indicadores/principales_cifras/principales_cifras_2019_2020_bolsillo.pdf}},
	lastchecked = {Accesado el día 9 de septiembre de 2021},
	title = {{Principales cifras del sistema educativo nacional 2019-2020}},
	year = {2020}}

@misc{SEP21,
	author = {{\acs{SEP}}},
	date-modified = {2021-06-01 13:03:24 -0500},
	howpublished = {Disponible en \url{https://https://www.planeacion.sep.gob.mx/Doc/estadistica_e_indicadores/principales_cifras/principales_cifras_2020_2021_bolsillo.pdf}},
	lastchecked = {Accesado el día 9 de septiembre de 2021},
	title = {{Principales cifras del sistema educativo nacional 2020-2021}},
	year = {2021}}

@misc{BIDedu,
	author = {{\acs{BID}}},
	howpublished = {Disponible en \url{https://publications.iadb.org/publications/spanish/document/Estrategias-de-reapertura-de-escuelas-durante-COVID-19.pdf}},
	lastchecked = {Consultada por última el10 de septiembre de 2020},
	title = {Estrategias de reapertura de escuelas durante COVID-19},
	year = {2020}}

@misc{ProyInvSHCPPEF2021,
	author = {{\acs{SHCP}}},
	howpublished = {Disponible en \url{https://www.pef.hacienda.gob.mx/work/models/PEF2021/docs/21/r21_w3n_pie.pdf}},
	title = {Presupuesto de Egresos de la Federación 2021. Programas y proyectos de inversión del Fondo Nacional de Fomento al Turismo.},
	year = {2021}}

@misc{ExpoMotivos2022,
	author = {{\acs{SHCP}}},
	howpublished = {Disponible en \url{https://www.ppef.hacienda.gob.mx/work/models/bzPX2qB5/PPEF2022/qgp8v2PM/docs/exposicion/EM_Documento_Completo.pdf}},
	title = {Proyecto Presupuesto de Egresos de la Federación 2022. Exposición de motivos.},
	year = {2022}}

@misc{PEF2021ProyInvRamo7,
	author = {{\acs{SHCP}}},
	howpublished = {Disponible en \url{https://www.pef.hacienda.gob.mx/work/models/PEF2021/docs/07/r07_pir.pdf}},
	title = {Presupuesto de Egresos de la Federación 2021. Programas y proyectos de inversión del ramo 7.},
	year = {2021}}

@misc{Battiston,
	author = {{Battiston et al.}},
	howpublished = {Disponible en \url{https://link.springer.com/article/10.1007/s11205-013-0249-3}},
	lastchecked = {Consultada por última vez en mayo de 2021},
	title = {{Income and Beyond: Multidimensional Poverty in six Latin American countries}},
	year = {2013}}

@misc{Lopez,
	author = {{López, Galinato e Islam}},
	howpublished = {Journal of Environmental Economics and Management, 62(2), 180-198. doi:10.1016/j.jeem.2011.03.001},
	lastchecked = {Consultada por última vez en enero de 2020},
	title = {Fiscal spending and the environment: theory and empirics.},
	year = {2011}}

@misc{peralta,
	author = {Peralta and Raj and Ochoa},
	date-modified = {2020-06-01 12:58:10 -0500},
	howpublished = {The World Bank.},
	lastchecked = {Consultada por última vez en marzo de 2020. Disponible en \url{https://www.inegi.org.mx/app/glosario/default.html?p=CNGSPSPE2018}},
	title = {Gender, Travel and Job access: evidence from Buenos Aires},
	year = {2014}}

@misc{PPEF2021,
	author = {{\acs{SHCP}}},
	date-added = {2020-09-07 02:04:48 -0500},
	date-modified = {2020-09-07 02:58:32 -0500},
	howpublished = {Disponible en \url{https://www.finanzaspublicas.hacienda.gob.mx/es/Finanzas_Publicas/Paquete_Economico_y_Presupuesto}},
	title = {{\acf{PPEF} 2021}},
	year = {2020}}

@misc{LeyCF,
	author = {{\acs{LCF}}},
	date-added = {2020-09-07 02:04:48 -0500},
	date-modified = {2020-09-07 02:58:32 -0500},
	howpublished = {Disponible en \url{http://www.diputados.gob.mx/LeyesBiblio/pdf/31_300118.pdf}},
	title = {{Ley de Coordinación Fiscal}},
	year = {2018}}

@misc{CPs_TP,
	author = {{\acs{SHCP}}},
	date-added = {2020-09-07 02:04:48 -0500},
	date-modified = {2020-09-07 02:58:32 -0500},
	howpublished = {Disponible en \url{https://www.transparenciapresupuestaria.gob.mx/es/PTP/Datos_Abiertos}},
	title = {{Cuentas Públicas 2014 a 2020}},
	year = {2021}}

@misc{ASF_2018,
	author = {{\acs{ASF}}},
	date-modified = {2020-05-01 13:33:35 -0500},
	howpublished = {Disponible en \url{https://www.asf.gob.mx/Trans/Informes/IR2016ii/Documentos/Auditorias/2016_MR-PARTICIPACIONES_a.pdf}},
	lastchecked = {Consultada por última vez en mayo de 2021},
	title = {Participaciones federales a entidades federativas y municipios},
	year = {2018}}

@misc{ASF_pen,
	author = {{\acs{ASF}}},
	date-modified = {2021-09-11 00:37:17 -0500},
	howpublished = {Disponible en \url{https://www.asf.gob.mx/Trans/Informes/IR2019c/Documentos/Auditorias/2019_0246_a.pdf}},
	lastchecked = {Consultada por última vez en abril de 2021},
	title = {Programa Pensi{\'o}́n para el Bienestar de las Personas Adultas Mayores},
	year = {2010}}

@misc{TP2021,
	author = {{\acs{SHCP}}},
	date-modified = {2020-05-01 13:33:35 -0500},
	howpublished = {Disponible en \url{https://www.transparenciapresupuestaria.gob.mx/es/PTP/Recaudacion_Local}},
	lastchecked = {Consultada por última vez en septiembre de 2021},
	title = {Recaudación Local},
	year = {2021}}

@misc{OnuOds,
	author = {{\acs{ONU}}},
	date-modified = {2020-05-01 13:33:35 -0500},
	howpublished = {Disponible en \url{https://www.un.org/sustainabledevelopment/es/objetivos-de-desarrollo-sostenible/}},
	lastchecked = {Consultada por última vez en septiembre de 2021},
	title = {Objetivos de Desarrollo Sostenible},
	year = {2021}}

@misc{EstrategiaProgR33,
	author = {{\acs{SHCP}}},
	date-modified = {2020-05-01 13:33:35 -0500},
	howpublished = {Disponible en \url{https://www.ppef.hacienda.gob.mx/work/models/bzPX2qB5/PPEF2022/qgp8v2PM/docs/33/r33_ep.pdf}},
	lastchecked = {Consultada por última vez en septiembre de 2021},
	title = {Estrategia programática del Ramo 33},
	year = {2021}}

@misc{ROPFondoMetropolitano,
	author = {{\acs{SHCP}}},
	date-modified = {2020-05-01 13:33:35 -0500},
	howpublished = {Disponible en \url{https://www.dof.gob.mx/nota_detalle.php?codigo=5585349&fecha=31/01/2020}},
	lastchecked = {Consultada por última vez en septiembre de 2021},
	title = {Regla de operación del Fideicomiso Fondo Metropolitano},
	year = {2020}}

@misc{LinFondoRegional,
	author = {{\acs{SHCP}}},
	date-modified = {2020-05-01 13:33:35 -0500},
	howpublished = {Disponible en \url{https://www.dof.gob.mx/nota_detalle.php?codigo=5587161&fecha=21/02/2020}},
	lastchecked = {Consultada por última vez en septiembre de 2021},
	title = {Lineamientos de operación del Fondo Regional},
	year = {2020}}

@misc{LinFais,
	author = {{\acs{SHCP}}},
	date-modified = {2020-05-01 13:33:35 -0500},
	howpublished = {Disponible en \url{https://dof.gob.mx/nota_detalle.php?codigo=5610339&fecha=26/01/2021}},
	lastchecked = {Consultada por última vez en septiembre de 2021},
	title = {Lineamientos del Fondo de Aportaciones para la Infraestructura Social},
	year = {2021}}

@misc{FortAtMed,
	author = {{\acs{SSa}}},
	date-modified = {2020-05-01 13:33:35 -0500},
	howpublished = {Disponible en \url{https://www.dof.gob.mx/nota_detalle.php?codigo=5609175&fecha=29/12/2020}},
	lastchecked = {Consultada por última vez en septiembre de 2021},
	title = {Reglas de Operación del Programa Fortalecimiento a la Atención Médica},
	year = {2020}}

@misc{DosBocas,
	author = {{Gobierno de México}},
	date-modified = {2020-05-01 13:33:35 -0500},
	howpublished = {Disponible en \url{https://dosbocas.energia.gob.mx/}},
	lastchecked = {Consultada por última vez en septiembre de 2021},
	title = {Refinería Dos Bocas},
	year = {2021}}

@misc{ConapoPoblacion,
	author = {{Consejo Nacional de Población}},
	howpublished = {Disponible en \url{https://datos.gob.mx/busca/dataset/proyecciones-de-la-poblacion-de-mexico-y-de-las-entidades-federativas-2016-2050}},
	lastchecked = {Consultada por última vez en julio de 2020},
	title = {{Proyecciones de la Población de México y de las Entidades Federativas, 2016-2050}},
	year = {2020}}

@misc{oit,
	author = {{OIT}},
	howpublished = {Disponible en \url{https://www.ilo.org/wcmsp5/groups/public/---ed_dialogue/---act_emp/documents/publication/wcms_762907.pdf}},
	title = {Entorno MIPYME. Medidas de apoyo a la micro, pequeña y mediana empresa en América Latina y el Caribe frente a la crisis de la COVID-19},
	year = {2020}}

@misc{gastocuidado,
	author = {{CIEP}},
	howpublished = {Disponible en \url{https://ciep.mx/gasto-publico-para-un-sistema-nacional-de-cuidados/}},
	title = {Gasto público para un Sistema Nacional de Cuidados},
	year = {2021}}

@misc{DOF,
	author = {{DOF}},
	howpublished = {Disponible en \url{http://www.dof.gob.mx/nota_detalle.php?codigo=5614073&fecha=22/03/2021}},
	title = {ACUERDO número 07/03/21 por el que se emiten las Reglas de Operación del Programa Educación Inicial y Básica Comunitaria para el ejercicio fiscal 2021.},
	year = {2021}}

@misc{DOF_educa,
	author = {{DOF}},
	howpublished = {Disponible en \url{https://www.dof.gob.mx/nota_detalle.php?codigo=5560457&fecha=15/05/2019}},
	title = {DECRETO por el que se reforman, adicionan y derogan diversas disposiciones de los artículos 3o., 31 y 73 de la Constitución Política de los Estados Unidos Mexicanos, en materia educativa.},
	year = {2019}}

@misc{ODS_4,
	author = {{ONU}},
	howpublished = {Disponible en \url{https://www.un.org/sustainabledevelopment/es/education/}},
	title = {Metas del Objetivo 4},
	year = {2021}}

@misc{lineamientos,
	author = {{SEP}},
	howpublished = {Disponible en \url{https://www.planyprogramasdestudio.sep.gob.mx/descargables/doctos/dof/Lineamientos-de-Operacion-U031-2021.pdf}},
	title = {Lineamientos de operación del programa expansión de la educación inicial 2021},
	year = {2021}}

@misc{enoe,
	author = {{INEGI}},
	howpublished = {Disponible en \url{https://www.inegi.org.mx/programas/enoe/15ymas/}},
	title = {Encuesta Nacional de Educación y Empleo, 2020-2021},
	year = {2021}}

@misc{ecovid,
	author = {{INEGI}},
	howpublished = {Disponible en \url{https://www.inegi.org.mx/contenidos/saladeprensa/boletines/2021/OtrTemEcon/ECOVID-IE_TercEdi.pdf}},
	title = {Encuesta sobre el Impacto generado por COVID-19 en las empresas (ECOVID-IE), tercera edición},
	year = {2021}}

@misc{censo,
	author = {{INEGI}},
	howpublished = {Disponible en \url{https://www.inegi.org.mx/programas/ccpv/2020/default.html}},
	title = {Censo Nacional de Población y Vivienda 2020},
	year = {2021}}

@misc{dictamen,
	author = {{Cámara de Diputados}},
	howpublished = {Disponible en \url{https://comunicacionnoticias.diputados.gob.mx/comunicacion/index.php/boletines/la-camara-de-diputados-aprueba-reforma-constitucional-en-materia-de-sistema-nacional-de-cuidados\#gsc.tab=0}},
	title = {La Cámara de Diputados aprueba reforma constitucional en materia de Sistema Nacional de Cuidados},
	year = {2021}}

@misc{palei,
	author = {{Palei}},
	howpublished = {Procedia Economics and Finance, 23(2015), 168-175.},
	lastchecked = {Consultada por última vez en marzo de 2020},
	title = {Assessing the impact of infrastructure on economic growth and global competitiveness.},
	year = {2015}}

@misc{hansen,
	author = {{Hansen}},
	howpublished = {Review of Economics and Statistics 2:150--162.},
	lastchecked = {Consultada por última vez en marzo de 2020},
	title = {The Structure and Determinants of Local Public Investment Expenditures},
	year = {1965}}

@misc{MorenoBrid2021,
	author = {{Gutiérrez y Moreno}},
	howpublished = {Problemas del Desarrollo.},
	lastchecked = {Consultada por última vez en septiembre de 2021},
	title = {El impacto de la inversión pública sobre la privada en las entidades federativas de México},
	year = {2021}}

@misc{Apel,
	author = {{Apel}},
	howpublished = {Disponible en \url{https://link.springer.com/article/10.1007/s10940-012-9170-1}},
	lastchecked = {Consultada por última vez en mayo de 2021},
	title = {{Sanctions, Perceptions, and Crime: Implications for Criminal Deterrence}},
	year = {2013}}

@misc{Hazra,
	author = {{Hazra}},
	howpublished = {Disponible en \url{https://www.emerald.com/insight/content/doi/10.1108/IJSE-03-2019-0206/full/html}},
	lastchecked = {Consultada por última vez en mayo de 2021},
	title = {{What does (and does not) affect crime in India?}},
	year = {2020}}

@misc{OCDE21_implicaciones,
	author = {{\acs{OCDE}}},
	howpublished = {Disponible en \url{https://stats.oecd.org/index.aspx?queryid=66670}},
	lastchecked = {Consultada por última vez en septiembre de 2021},
	title = {{Income Distribution Database}},
	year = {2021}}

@misc{simulador,
	author = {{\acs{CIEP}}},
	howpublished = {Disponible en \url{http://simuladorfiscal.ciep.mx/}.},
	title = {{Simulador Fiscal \acs{CIEP} v5}},
	year = {2021}}

@misc{IPCC,
	author = {{Grupo Intergubernamental de Expertos sobre el Cambio Climático}},
	howpublished = {Disponible en \url{https://www.ipcc.ch/assessment-report/ar6/}.},
	title = {{Sexto reporte de evaluación}},
	year = {2021}}

@misc{Diputados,
	author = {{Grupo de Trabajo para la Transición Hacendaria}},
	howpublished = {Disponible en \url{https://drive.google.com/drive/folders/1RirpmBCz_2vyvYR0jqACnxkj8DwWT3Mw}.},
	title = {{Nuevas políticas públicas contra la desigualdad}},
	year = {2021}}

@misc{CFE,
	author = {{CFE}},
	howpublished = {Disponible en \url{https://www.gob.mx/cms/uploads/attachment/file/562631/PS_SENER_CACEC-DOF_08-07-2020.pdf}.},
	title = {{Plan de negocios 2021-2025}},
	year = {2020}}

@misc{CIEP2,
	author = {{CIEP}},
	howpublished = {Disponible en \url{https://ciep.mx/D08b}.},
	title = {{Iniciativa de reforma a la Ley de la Industria Eléctrica}},
	year = {2020}}

@misc{CIEP3,
	author = {{CIEP}},
	howpublished = {Disponible en \url{https://ciep.mx/HZIH}.},
	title = {{Desempeño Presupuestal de Pemex 2008-2020}},
	year = {2020}}

@misc{shcp_ppef2023,
	author = {{\acs{SHCP}}},
	note = {Disponible en \url{https://www.finanzaspublicas.hacienda.gob.mx/es/Finanzas_Publicas/Paquete_Economico_y_Presupuesto}.},
	title = {{Paquete Económico}},
	year = {2022}}

@article{mason2011introducing,
	author = {Mason, Andrew and Lee, Ronald},
	journal = {Population aging and the generational economy},
	pages = {55--78},
	publisher = {Edward Elgar Publishing Cheltenham, UK; Northampton, MA, USA},
	title = {Introducing age into national accounts},
	year = {2011}}

@misc{bol_misc,
	author = {{\acs{CIEP}}},
	date-added = {2020-09-07 02:04:32 -0500},
	date-modified = {2022-09-09 20:37:42 -0500},
	howpublished = {Disponible en \url{https://ciep.mx/pincipales-cambios-en-la-miscelanea-fiscal-2022-control-claridad-y-simplificacion/}},
	title = {{Pincipales Cambios en la Miscelánea Fiscal 2022: Control, claridad y simplificación}},
	year = {2021}}

@misc{CC_1,
	author = {{\acs{SHCP}}},
	date-added = {2020-08-26 02:06:23 -0500},
	date-modified = {2020-08-26 02:06:23 -0500},
	howpublished = {Disponible en \url{https://www.secciones.hacienda.gob.mx/work/models/estadisticas_oportunas/metodologias/1bfm.pdf}},
	title = {{BALANCE FISCAL EN MÉXICO. DEFINICIÓN Y METODOLOGÍA}},
	year = {2022}}

@misc{ITG,
	author = {{\acs{SHCP}}},
	date-added = {2020-09-07 02:04:32 -0500},
	date-modified = {2022-09-09 20:41:50 -0500},
	howpublished = {Disponible en \url{http://omawww.sat.gob.mx/gobmxtransparencia/Paginas/itg.html}},
	title = {{ Informe Tributario y de Gestión}},
	year = {2022}}

@misc{ren_recaudatoria,
	author = {{\acs{SHCP}}},
	date-added = {2020-09-07 02:04:32 -0500},
	date-modified = {2022-09-09 20:42:47 -0500},
	howpublished = {Disponible en \url{https://www.gob.mx/shcp/documentos/renuncias-recaudatorias-2022}},
	title = {{Renuncias Recaudatorias 2022}},
	year = {2022}}

@misc{OCDE_1,
	author = {{\acs{OCDE}}},
	howpublished = {Disponible en \url{https://www.oecd.org/tax/beps/tax-challenges-arising-from-the-digitalisation-of-the-economy-global-anti-base-erosion-model-rules-pillar-two.pdf}},
	title = {Tax Challenges Arising from the Digitalisation of the EconomyGlobal Anti-Base Erosion Model Rules (Pillar Two): INCLUSIVE FRAMEWORK ON BEPS},
	year = {2021}}

@misc{CIEP_subnacional,
	author = {{\acs{CIEP}}},
	howpublished = {Disponible en \url{https://finanzaslocales.ciep.mx/}.},
	title = {{Finanzas Públicas locales: hacia una nueva coordinación fiscal}},
	year = {2022}}

@misc{CFD_JP,
	author = {{\acs{CIEP}}},
	howpublished = {Disponible en \url{https://ciep.mx/el-costo-de-la-deuda-publica-los-determinantes-financieros-del-gobierno-	federal/}},
	title = {El costo de la deuda pública: Los determinantes financieros del Gobierno Federal},
	year = {2022}}

@book{bid_educacion_pospandemia,
	author = {{\acs{BID}}},
	publisher = {{\acs{BID}}},
	title = {¿Cómo reconstruir la educación pospandemia?},
	year = {2022}}
